<?xml version="1.0" encoding="UTF-8"?><collection xmlns="http://www.loc.gov/MARC21/slim"><record><leader>00375nam--2200133-i-4500</leader><controlfield tag="001">000014780</controlfield><controlfield tag="002">20161230</controlfield><controlfield tag="005">20161230201031</controlfield><controlfield tag="008">060222s1000------------r-----000-0-eng-d</controlfield><datafield ind1=" " ind2=" " tag="080"><subfield code="a">1:001.5(075.9)</subfield></datafield><datafield ind1=" " ind2=" " tag="245"><subfield code="a">Philosophy of science. the delaware seminar vol.2: 1962-1963</subfield></datafield><datafield ind1=" " ind2=" " tag="260"><subfield code="a">New York, Interscience Publ., 1963 Xvi + 370 P</subfield></datafield><datafield ind1=" " ind2=" " tag="700"><subfield code="a">Baumrin, Bernard</subfield></datafield><datafield ind1=" " ind2=" " tag="852"><subfield code="a">21898</subfield></datafield></record></collection>